<record><leader>00000cas a22000007a 4500</leader><controlfield tag="001">12952422</controlfield><controlfield tag="008">851223d18651868nyuwr ne      0    0eng d</controlfield><datafield ind1=" " ind2=" " tag="010"><subfield code="a">sn 85027074 </subfield></datafield><datafield ind1=" " ind2=" " tag="040"><subfield code="a">NPX</subfield><subfield code="b">eng</subfield><subfield code="c">NPX</subfield><subfield code="d">NYS</subfield><subfield code="d">OCLCQ</subfield></datafield><datafield ind1=" " ind2=" " tag="042"><subfield code="a">msc</subfield></datafield><datafield ind1="0" ind2="0" tag="245"><subfield code="a">Sherburne home news.</subfield></datafield><datafield ind1=" " ind2=" " tag="260"><subfield code="a">Sherburne, N.Y. :</subfield><subfield code="b">S.B. Marsh</subfield></datafield><datafield ind1=" " ind2=" " tag="300"><subfield code="a">v.</subfield></datafield><datafield ind1=" " ind2=" " tag="310"><subfield code="a">Weekly</subfield></datafield><datafield ind1="1" ind2=" " tag="362"><subfield code="a">Began with Apr. 20, 1865 issue.</subfield><subfield code="z">Cf. Faibisoff, S.G. Bibl. of newspapers in 14 N.Y. counties.</subfield></datafield><datafield ind1="0" ind2=" " tag="362"><subfield code="a">-v. 4, no. 52 (Apr. 9, 1868).</subfield></datafield><datafield ind1=" " ind2=" " tag="500"><subfield code="a">Publishera: S.B. Marsh, &lt;1865&gt;; LaMonte G. Raymond, &lt;1868&gt;.</subfield></datafield><datafield ind1=" " ind2=" " tag="500"><subfield code="a">Editor: Simeon B. Marsh, &lt;1866&gt;.</subfield></datafield><datafield ind1=" " ind2=" " tag="588"><subfield code="a">Description based on: Vol. 2, no. 1 (Apr. 20, 1865).</subfield></datafield><datafield ind1=" " ind2="4" tag="651"><subfield code="a">Sherburne (N.Y.)</subfield><subfield code="v">Newspapers.</subfield></datafield><datafield ind1=" " ind2=" " tag="752"><subfield code="a">United States</subfield><subfield code="b">New York</subfield><subfield code="c">Chenango</subfield><subfield code="d">Sherburne.</subfield></datafield><datafield ind1="0" ind2="0" tag="780"><subfield code="t">Home news or weekly advertiser</subfield><subfield code="w">(DLC)sn 83031617</subfield></datafield><datafield ind1="0" ind2="0" tag="785"><subfield code="t">Sherburne news</subfield><subfield code="w">(DLC)sn 83031614</subfield></datafield><datafield ind1="1" ind2=" " tag="029"><subfield code="a">AU@</subfield><subfield code="b">000024692454</subfield></datafield></record>